@misc{wiki:strongly_solved,
	author = "{Wikipedia contributors}",
	title = "Solved game --- {Wikipedia}{,} The Free Encyclopedia",
	year = "2022",
	howpublished = "\url{https://en.wikipedia.org/w/index.php?title=Solved_game&oldid=1112712449}",
	note = "[Online; accessed 6 October 2022]"
}

@misc{wiki:zero_sum,
	author = "{Wikipedia contributors}",
	title = "Zero-sum game --- {Wikipedia}{,} The Free Encyclopedia",
	year = "2022",
	howpublished = "\url{https://en.wikipedia.org/w/index.php?title=Zero-sum_game&oldid=1105258284}",
	note = "[Online; accessed 6 October 2022]"
}

@misc{wiki:minmax,
	author = "{Wikipedia contributors}",
	title = "Minimax --- {Wikipedia}{,} The Free Encyclopedia",
	year = "2022",
	howpublished = "\url{https://en.wikipedia.org/w/index.php?title=Minimax&oldid=1113619084}",
	note = "[Online; accessed 6 October 2022]"
}

@misc{wiki:negamax,
	author = "{Wikipedia contributors}",
	title = "Negamax --- {Wikipedia}{,} The Free Encyclopedia",
	year = "2022",
	howpublished = "\url{https://en.wikipedia.org/w/index.php?title=Negamax&oldid=1067237200}",
	note = "[Online; accessed 6 October 2022]"
}

@misc{wiki:alphabeta,
	author = "{Wikipedia contributors}",
	title = "Alphaâ€“beta pruning --- {Wikipedia}{,} The Free Encyclopedia",
	year = "2022",
	howpublished = "\url{https://en.wikipedia.org/w/index.php?title=Alpha%E2%80%93beta_pruning&oldid=1112997890}",
	note = "[Online; accessed 7 October 2022]"
}

@misc{wiki:iterdeep,
	author = "{Wikipedia contributors}",
	title = "Iterative deepening depth-first search --- {Wikipedia}{,} The Free Encyclopedia",
	year = "2022",
	howpublished = "\url{https://en.wikipedia.org/w/index.php?title=Iterative_deepening_depth-first_search&oldid=1108524032}",
	note = "[Online; accessed 7 October 2022]"
}

@misc{wiki:mtdf,
	author = "{Wikipedia contributors}",
	title = "MTD(f) --- {Wikipedia}{,} The Free Encyclopedia",
	year = "2022",
	howpublished = "\url{https://en.wikipedia.org/w/index.php?title=MTD(f)&oldid=1112174230}",
	note = "[Online; accessed 6 October 2022]"
}
